<?xml version="1.0" encoding="UTF-8"?><collection xmlns="http://www.loc.gov/MARC21/slim"><record><leader>00650nam--2200205-u-4500</leader><controlfield tag="001">000055216</controlfield><controlfield tag="002">20161230</controlfield><controlfield tag="005">20161230201052</controlfield><controlfield tag="008">121126s1000------------r-----000-0-rus-d</controlfield><datafield ind1=" " ind2=" " tag="040"><subfield code="a">IFIN-HH</subfield></datafield><datafield ind1=" " ind2=" " tag="041"><subfield code="a">rus</subfield></datafield><datafield ind1=" " ind2=" " tag="080"><subfield code="a">538.9:54-16</subfield></datafield><datafield ind1="1" ind2=" " tag="100"><subfield code="a">Fox, David</subfield></datafield><datafield ind1="1" ind2="0" tag="245"><subfield code="a">Fizika i himia tverdogo sostoiamia organiceskih soedinenii</subfield><subfield code="c">David fox, mortimer m. labes, arnold weissberger (eds.)</subfield></datafield><datafield ind1=" " ind2=" " tag="260"><subfield code="a">Moskva</subfield><subfield code="b">Mir</subfield><subfield code="c">1967</subfield></datafield><datafield ind1=" " ind2=" " tag="300"><subfield code="a">738P</subfield></datafield><datafield ind1=" " ind2=" " tag="500"><subfield code="a">Titlul Original In Limba Engleza: Physics And Chemistry Of The Organic Solid State Volume I</subfield></datafield><datafield ind1="1" ind2=" " tag="700"><subfield code="a">Weissberger, Arnold</subfield><subfield code="e">Ed</subfield></datafield><datafield ind1=" " ind2=" " tag="852"><subfield code="a">75266</subfield><subfield code="c">539.2</subfield></datafield><datafield ind1=" " ind2=" " tag="CAT"><subfield code="a">Sys</subfield><subfield code="c">20121126</subfield><subfield code="h">153817</subfield></datafield></record></collection>